<?xml version="1.0" encoding="UTF-8"?><collection xmlns="http://www.loc.gov/MARC21/slim"><record><leader>00489nam--2200181-i-4500</leader><controlfield tag="001">000034430</controlfield><controlfield tag="002">20161230</controlfield><controlfield tag="005">20161230201040</controlfield><controlfield tag="008">060222s1000------------r-----000-0-rus-d</controlfield><datafield ind1=" " ind2=" " tag="040"><subfield code="a">IFIN-HH</subfield></datafield><datafield ind1=" " ind2=" " tag="041"><subfield code="a">rus</subfield></datafield><datafield ind1=" " ind2=" " tag="080"><subfield code="a">621.315.59</subfield></datafield><datafield ind1="1" ind2=" " tag="100"><subfield code="a">Turcan, V.V</subfield></datafield><datafield ind1="1" ind2="0" tag="245"><subfield code="a">Magnitnie popurovodniki na osnove selenohromita medi</subfield><subfield code="c">V.v. turcan; s.i. tadautan; v.e. tezlevan</subfield></datafield><datafield ind1=" " ind2=" " tag="260"><subfield code="a">Kisinev</subfield><subfield code="b">Stiinta</subfield><subfield code="c">1984</subfield></datafield><datafield ind1=" " ind2=" " tag="300"><subfield code="a">118P</subfield></datafield><datafield ind1=" " ind2=" " tag="852"><subfield code="a">72180</subfield><subfield code="c">537:538</subfield></datafield><datafield ind1=" " ind2=" " tag="CAT"><subfield code="a">Sys</subfield><subfield code="c">20110627</subfield><subfield code="h">111930</subfield></datafield></record></collection>